
% Encoding: UTF-8




% -------------------------------------------------------------------------------------------
% -------------------------------------------------------------------------------------------
% TAXO
% -------------------------------------------------------------------------------------------
% -------------------------------------------------------------------------------------------

@book{debono_1985_sth, 
    title={Six thinking hats}, 
    publisher={Little Brown and Company}, 
    author={De Bono, Edward}, 
    year={1985}
}


@inproceedings{benedetti_2014_pba,
    author = {Benedetti, Luca and Winnem\"{o}ller, Holger and Corsini, Massimiliano and Scopigno, Roberto},
    title = {Painting with Bob: Assisted Creativity for Novices},
    booktitle = {Proceedings of the ACM Symposium on User Interface Software and Technology},
    year = {2014},
    pages = {419--428},
    publisher = {ACM},
} 

@inproceedings{todi_2016_sse,
    author = {Todi, Kashyap and Weir, Daryl and Oulasvirta, Antti},
    title = {Sketchplore: Sketch and Explore with a Layout Optimiser},
    booktitle = {Proceedings of the ACM Conference on Designing Interactive Systems},
    year = {2016},
    pages = {543--555},
    publisher = {ACM},
} 


@misc{acc_2018_ccr,
    author = {{Association for Computational Creativity}},
    year = {2018}, 
    howpublished = {\url{http://computationalcreativity.net}},
    note    = {Viewed~September~05,~2018.}
}

@article{togelius_2011_sbp, 
    author={J. Togelius and G. N. Yannakakis and K. O. Stanley and C. Browne}, 
    journal={IEEE Transactions on Computational Intelligence and AI in Games}, 
    title={Search-Based Procedural Content Generation: A Taxonomy and Survey}, 
    year={2011}, 
    volume={3}, 
    number={3}, 
    pages={172-186},
}


@inproceedings {vanegas_2009_mab,
    booktitle = {Proceedings of the Conference of the European Association for Computer Graphics},
    title = {{Modeling the Appearance and Behavior of Urban Spaces}},
    author = {Vanegas, Carlos A. and Aliaga, Daniel G. and Wonka, Peter and M\"uller, Pascal and Waddell, Paul and Watson, Benjamin},
    year = {2009},
    publisher = {The Eurographics Association}
}


@article{field_1987_rbs,
    title = {Relations between the statistics of natural images and the response properties of cortical cells},
    volume = {4},
    journal = {Journal of the Optical Society of America A},
    author = {Field, David J.},
    year = {1987},
    pages = {2379--2394}
},


@misc{disney_2012_ppm,
    author = {{Walt Disney Animation Studios}},
    year = 2012, 
    title = {Paperman},
    howpublished = {\url{https://www.disneyanimation.com/shorts/?drawer=/shorts/paperman/}},
    note    = {Accessed~October~23,~2020.}
},


@article{nan_2011_cgr,
    author = {Nan, Liangliang and Sharf, Andrei and Xie, Ke and Wong, Tien-Tsin and Deussen, Oliver and Cohen-Or, Daniel and Chen, Baoquan},
    title = {Conjoining Gestalt Rules for Abstraction of Architectural Drawings},
    journal = {{ACM} Transactions on Graphics},
    volume = {30},
    number = {6},
    year = {2011},
    pages = {185:1--185:10},
    publisher = {ACM},
} 


@inproceedings{oleary_2018_csi,
    author = {O'Leary, Jasper and Winnem\"{o}ller, Holger and Li, Wilmot and Dontcheva, Mira and Dixon, Morgan},
    title = {Charrette: Supporting In-Person Discussions Around Iterations in User Interface Design},
    booktitle = {Proceedings of the CHI Conference on Human Factors in Computing Systems},
    year = {2018},
    pages = {535:1--535:11},
    publisher = {ACM},
} 

@article{salvati_2015_mcm,
    author = {Salvati, Gabriele and Santoni, Christian and Tibaldo, Valentina and Pellacini, Fabio},
    title = {MeshHisto: Collaborative Modeling by Sharing and Retargeting Editing Histories},
    journal = {{ACM} Transactions on Graphics},
    volume = {34},
    number = {6},
    year = {2015},
    pages = {205:1--205:10},
    publisher = {ACM},
} 


@article{hu_2013_iie,
    author = {Hu, Shi-Min and Xu, Kun and Ma, Li-Qian and Liu, Bin and Jiang, Bi-Ye and Wang, Jue},
    title = {Inverse Image Editing: Recovering a Semantic Editing History from a Before-and-after Image Pair},
    journal = {{ACM} Transactions on Graphics},
    volume = {32},
    number = {6},
    year = {2013},
    pages = {194:1--194:11},
    publisher = {ACM},
} 


@inproceedings{chen_2016_dah,
    author = {Chen, Hsiang-Ting and Wei, Li-Yi and Hartmann, Bj\"{o}rn and Agrawala, Maneesh},
    title = {Data-driven Adaptive History for Image Editing},
    booktitle = {Proceedings of the ACM SIGGRAPH Symposium on Interactive 3D Graphics and Games},
    year = {2016},
    pages = {103--111},
    publisher = {ACM},
} 



@article{khamjane_2018_giq,
    author = {Khamjane, Aziz and Benslimane, Rachid},
    title = {Generating Islamic Quasi-Periodic Patterns: A New Method},
    journal = {{ACM} Journal on Computing and Cultural Heritage},
    volume = {11},
    number = {3},
    year = {2018},
    pages = {13:1--13:18},
    publisher = {ACM},
} 


@ARTICLE{ouyang_2015_cat,
    author = {P. Ouyang and W. Zhao and X. Huang},
    journal = {IEEE Computer Graphics and Applications},
    title = {Beautiful Math, Part 5: Colorful Archimedean Tilings from Dynamical Systems},
    year = {2015},
    volume = {35},
    number = {6},
    pages = {90-96}
}

@article{gulati_2010_acp,
    author = {Vishal Gulati and Puneet Tandon and Hari Singh},
    title = {A CAD Paradigm to Produce Zillij Style of Geometrical Patterns for Wooden Carvings},
    journal = {International Journal of Computer Applications},
    year = {2010},
    volume = {3},
    number = {3},
    pages = {28--35},
}


@article{yeh_2013_stp,
    author = {Yeh, Yi-Ting and Breeden, Katherine and Yang, Lingfeng and Fisher, Matthew and Hanrahan, Pat},
    title = {Synthesis of Tiled Patterns Using Factor Graphs},
    journal = {{ACM} Transactions on Graphics},
    volume = {32},
    number = {1},
    year = {2013},
    pages = {3:1--3:13},
    publisher = {ACM},
} 

@techreport{parberry_2015_adc,
    author = {Ian Parberry},
    title = {A Designer Centric Procedural Texture Generator Using Modular Bivariate Quadratic Functions},
    institution = {Laboratory for Recreational Computing, Deptartment of Computer Science and Engineering,
                    University of North Texas},
    year = {2015},
 }


@article{gdawiec_2017_pga,
    author = {Gdawiec, Krzysztof},
    title = {Procedural Generation of Aesthetic Patterns from Dynamics and Iteration Processes},
    journal = {International Journal of Applied Mathematics and Computer Science},
    volume = {27},
    number = {4},
    year = {2017},
    pages = {827--837},
    publisher = {Walter de Gruyter \& Co.},
} 


@article{chi_2014_ois,
    author={Chi, Ming-Te and Yao, Chih-Yuan and Zhang, Eugene and Lee, Tong-Yee},
    title={Optical illusion shape texturing using repeated asymmetric patterns},
    journal={The Visual Computer},
    year={2014},
    volume={30},
    number={6},
    pages={809--819},
}


@phdthesis{kaplan_2002_cgg,
    author = {Kaplan, Craig Steven},
    title = {Computer Graphics and Geometric Ornamental Design},
    year = {2002},
    note = {University of Washington},
} 

@article{gulati_2012_acp,
    author = {Gulati, Vishal and Singh, Kulwant and Katyal, Puneet},
    year = {2012},
    pages = {38-40},
    title = {A CAD Paradigm for Generating Woodworking Motifs},
    volume = {47},
    booktitle = {International Journal of Computer Applications}
}

@Inbook{dunham_2003_fep,
    author={Dunham, Douglas},
    title={Families of Escher Patterns},
    booktitle={M.C. Escher's Legacy: A Centennial Celebration},
    year={2003},
    publisher={Springer},
    pages={286--296},
}




@inproceedings{doyle_2013_ccc,
  title={Computational Celtic Canvas for Zoomorphs and Knotworks},
  author={Richard Brian Doyle and Sudhanshu K. Semwal},
  booktitle={Proceedings of the 21st International Conference in Central Europe on Computer Graphics, Visualization and Computer Vision.},
  year={2013}
}

@Article{cromwell_1993_ckm,
    author={Cromwell, Peter R.},
    title={Celtic knotwork: Mathematical art},
    journal={The Mathematical Intelligencer},
    year={1993},
    volume={15},
    number={1},
    pages={36--47},
}



@article{kaplan_2004_isp,
    author = {Kaplan, Craig S. and Salesin, David H.},
    title = {Islamic Star Patterns in Absolute Geometry},
    journal = {{ACM} Transactions on Graphics},
    volume = {23},
    number = {2},
    year = {2004},
    pages = {97--119},
    publisher = {ACM},
} 



@inproceedings{takayama_2016_med,
    author = {Takayama, Joe},
    title = {Medallions},
    booktitle = {SIGGRAPH Asia 2016 Art Gallery},
    year = {2016},
    pages = {15:1--15:1},
    publisher = {ACM},
} 


@inproceedings{whitehead_2010_tpd,
    author = {Whitehead, Jim},
    title = {Toward Proccedural Decorative Ornamentation in Games},
    booktitle = {Proceedings of the 2010 Workshop on Procedural Content Generation in Games},
    year = {2010},
    pages = {9:1--9:4},
    publisher = {ACM},
} 



@article{yumer_2015_sse,
    author = {Yumer, Mehmet Ersin and Chaudhuri, Siddhartha and Hodgins, Jessica K. and Kara, Levent Burak},
    title = {Semantic Shape Editing Using Deformation Handles},
    journal = {{ACM} Transactions on Graphics},
    volume = {34},
    number = {4},
    year = {2015},
    pages = {86:1--86:12},
    publisher = {ACM},
} 


@inproceedings{jacobs_2018_dbe,
    author = {Jacobs, Jennifer and Brandt, Joel R. and M\v{e}ch, Radom\'ir and Resnick, Mitchel},
    title = {Dynamic Brushes: Extending Manual Drawing Practices with Artist-Centric Programming Tools},
    booktitle = {Extended Abstracts of the CHI Conference on Human Factors in Computing Systems},
    year = {2018},
    pages = {D316:1--D316:4},
    publisher = {ACM},
} 


@inproceedings{talton_2012_ldp,
    author = {Talton, Jerry and Yang, Lingfeng and Kumar, Ranjitha and Lim, Maxine and Goodman, Noah and M\v{e}ch, Radom\'ir},
    title = {Learning Design Patterns with Bayesian Grammar Induction},
    booktitle = {Proceedings of the ACM Symposium on User Interface Software and Technology},
    year = {2012},
    pages = {63--74},
    publisher = {ACM},
} 

@article{dunham_1981_crh,
    author = {Dunham, Douglas and Lindgren, John and Witte, David},
    title = {Creating Repeating Hyperbolic Patterns},
    journal = {SIGGRAPH Computer Graphics},
    volume = {15},
    number = {3},
    year = {1981},
    pages = {215--223},
    publisher = {ACM},
} 




@article{lukac_2013_pft,
    author = {Luk\'{a}\v{c}, Michal and Fi\v{s}er, Jakub and Bazin, Jean-Charles and Jamri\v{s}ka, Ond\v{r}ej and Sorkine-Hornung, Alexander and S\'{y}kora, Daniel},
    title = {Painting by Feature: Texture Boundaries for Example-based Image Creation},
    journal = {{ACM} Transactions on Graphics},
    volume = {32},
    number = {4},
    year = {2013},
    pages = {116:1--116:8},
    publisher = {ACM},
} 


@inproceedings{xing_2016_eit,
 author = {Xing, Jun and Kazi, Rubaiat Habib and Grossman, Tovi and Wei, Li-Yi and Stam, Jos and Fitzmaurice, George},
 title = {Energy-Brushes: Interactive Tools for Illustrating Stylized Elemental Dynamics},
 booktitle = {Proceedings of the Symposium on User Interface Software and Technology},
 year = {2016},
 pages = {755--766},
 publisher = {ACM},
} 


@article{alvarez_2015_esa,
    author = {Alvarez, Luis and Gousseau, Yann and Morel, Jean-Michel and Salgado, Agust\'in},
    title = {Exploring the Space of Abstract Textures by Principles and Random Sampling},
    journal = {Journal of Mathematical Imaging and Vision},
    volume = {53},
    number = {3},
    year = {2015},
    pages = {332--345},
    publisher = {Kluwer Academic Publishers},
} 


@inproceedings{deterding_2017_mci,
    author = {Deterding, Sebastian and Hook, Jonathan and Fiebrink, Rebecca and Gillies, Marco and Gow, Jeremy and Akten, Memo and Smith, Gillian and Liapis, Antonios and Compton, Kate},
    title = {Mixed-Initiative Creative Interfaces},
    booktitle = {Proceedings of the CHI Conference Extended Abstracts on Human Factors in Computing Systems},
    year = {2017},
    pages = {628--635},
    publisher = {ACM},
} 



@inproceedings{igarashi_2010_dde,
 author = {Igarashi, Yuki},
 title = {DECO: A Designing Editor for Line Stone Decoration},
 booktitle = {ACM SIGGRAPH Posters},
 year = {2010},
 pages = {34:1--34:1},
 publisher = {ACM},
} 

@inproceedings{phan_2016_ple,
    author = {Phan, H. Q. and Lu, J. and Asente, P. and Chan, A. B. and Fu, H.},
    title = {Patternista: Learning Element Style Compatibility and Spatial Composition for Ring-based Layout Decoration},
    booktitle = {Proceedings of the Joint Symposium on Computational Aesthetics and Sketch Based Interfaces and Modeling and Non-Photorealistic Animation and Rendering},
    year = {2016},
    pages = {79--88},
    publisher = {Eurographics Association},
}


@article{xing_2014_apr,
    author = {Xing, Jun and Chen, Hsiang-Ting and Wei, Li-Yi},
    title = {Autocomplete Painting Repetitions},
    journal = {{ACM} Transactions on Graphics},
    volume = {33},
    number = {6},
    year = {2014},
    pages = {172:1--172:11},
    publisher = {ACM},
} 




@inproceedings{abdrashitov_2014_msi,
 author = {Abdrashitov, Rinat and Guy, Emilie and Yao, JiaXian and Singh, Karan},
 title = {Mosaic: Sketch-based Interface for Creating Digital Decorative Mosaics},
 booktitle = {Proceedings of the Joint Symposium on Computational Aesthetics, Non-Photorealistic Animation and Rendering, and Sketch-Based Interfaces and Modeling},
 year = {2014},
 pages = {5--10},
 publisher = {ACM},
} 

@inproceedings{xia_2018_ddc,
 author = {Xia, Haijun and Henry Riche, Nathalie and Chevalier, Fanny and De Araujo, Bruno and Wigdor, Daniel},
 title = {DataInk: Direct and Creative Data-Oriented Drawing},
 booktitle = {Proceedings of the CHI Conference on Human Factors in Computing Systems},
 year = {2018},
 pages = {223:1--223:13},
 publisher = {ACM},
} 



@inproceedings{kazi_2012_vit,
 author = {Kazi, Rubaiat Habib and Igarashi, Takeo and Zhao, Shengdong and Davis, Richard},
 title = {Vignette: Interactive Texture Design and Manipulation with Freeform Gestures for Pen-and-ink Illustration},
 booktitle = {Proceedings of the SIGCHI Conference on Human Factors in Computing Systems},
 year = {2012},
 pages = {1727--1736},
 publisher = {ACM},
} 


@article{yeh_2009_dsa,
    title = {Detecting Symmetries and Curvilinear Arrangements in Vector Art},
    volume = {28},
    number = {2},
    urldate = {2015-06-10},
    journal = {Computer Graphics Forum},
    author = {Yeh, Yi-Ting and M{\v e}ch, Radom{\'i}r},
    year = {2009},
    pages = {707--716}
}


@inproceedings{kaplan_2003_cgc,
 author = {Kaplan, Matthew and Cohen, Elaine},
 title = {Computer Generated Celtic Design},
 booktitle = {Proceedings of the Eurographics Workshop on Rendering},
 year = {2003},
 pages = {9--19},
 publisher = {Eurographics Association},
} 


@inproceedings{cullen_2011_sh,
    title = {Symmetry Hybrids},
    booktitle = {Proceedings of the International Symposium on Computational Aesthetics in Graphics, Visualization, and Imaging},
    publisher = {{ACM}},
    author = {Cullen, B. and O'Sullivan, C.},
    year = {2011},
    pages = {33--38},
}


@article{zehnder_2016_dso,
    author = {Zehnder, Jonas and Coros, Stelian and Thomaszewski, Bernhard},
    title = {Designing Structurally-sound Ornamental Curve Networks},
    journal = {{ACM} Transactions on Graphics},
    volume = {35},
    number = {4},
    year = {2016},
    pages = {99:1--99:10},
    publisher = {ACM},
} 

@inproceedings{anastacio_2008_spl,
    author = {Anastacio, F. and Prusinkiewicz, P. and Sousa, M. C.},
    title = {Sketch-based Parameterization of L-systems Using Illustration-inspired Construction Lines},
    booktitle = {Proceedings of the Eurographics Conference on Sketch-Based Interfaces and Modeling},
    year = {2008},
    pages = {119--126},
    publisher = {Eurographics Association},
} 


@inproceedings{chen_2016_msi,
 author = {Chen, Yilan and Fu, Hongbo and Au, Kin Chung},
 title = {A Multi-level Sketch-based Interface for Decorative Pattern Exploration},
 booktitle = {SIGGRAPH Asia Technical Briefs},
 year = {2016},
 pages = {26:1--26:4},
 publisher = {ACM},
} 




@article{guerrero_2016_pep,
  title   = {{PATEX}: Exploring Pattern Variations}, 
  author  = {Paul Guerrero and Gilbert Bernstein and Wilmot Li and Niloy J. Mitra},
  year    = {2016},
  journal = {{ACM} Transactions on Graphics},
  volume = {35},
  number = {4},
  pages = {48:1--48:13},
}


@inproceedings {xu_2009_mcc,
    booktitle = {Proceedings of the Eurographics conference on Computational Aesthetics in Graphics, Visualization and Imaging},
    title = {Magnetic Curves: Curvature-Controlled Aesthetic Curves Using Magnetic Fields},
    author = {Xu, Ling and Mould, David},
    year = {2009},
    publisher = {The Eurographics Association},
}


@inproceedings{havemann_2004_gpd, 
    author={S. Havemann and D. Fellner}, 
    booktitle={Proceedings Shape Modeling Applications}, 
    title={Generative parametric design of Gothic window tracery}, 
    year={2004}, 
    pages={350-353},
}


@inproceedings{hamekasi_2012_dpf,
  title = {Designing Persian Floral Patterns using Circle Packing},
  booktitle = {Proceedings of the International Conference on Computer Graphics Theory and Applications},
  author = {Hamekasi, Nader and Samavati, Faramarz},
  year = {2012},
  pages = {135--142},
}


@Inbook{ostromoukhov_1998_mtc,
    author={Ostromoukhov, Victor},
    title={Mathematical tools for computer-generated ornamental patterns},
    year={1998},
    publisher={Springer},
    pages={193--223}
}



@article{merrell_2010_ecs,
    author = {Merrell, Paul and Manocha, Dinesh},
    title = {Example-based Curve Synthesis},
    journal = {Computers and Graphics},
    volume = {34},
    number = {4},
    year = {2010},
    pages = {304--311},
    publisher = {Pergamon Press, Inc.},
} 



@article{liu_2018_ppt,
    title = {Perception-driven procedural texture generation from examples},
    journal = {Neurocomputing},
    volume = {291},
    pages = {21--34},
    year = {2018},
    author = {Jun Liu and Yanhai Gan and Junyu Dong and Lin Qi and Xin Sun and Muwei Jian and Lina Wang and Hui Yu}
}


@article{dong_2017_ptg,
    author = {Dong, Junyu and Wang, Lina and Liu, Jun and Sun, Xin},
    year = {2017},
    title = {A Procedural Texture Generation Framework Based on Semantic Descriptions},
    note = {arXiv:1704.04141 [cs.CV]},
}


@article{liu_2015_vpp,
  title={Visual Perception of Procedural Textures: Identifying Perceptual Dimensions and Predicting Generation Models},
  author={Jun Liu and Junyu Dong and Xiaoxu Cai and Lin Qi and Mike J. Chantler and Sliman J. Bensmaia},
  note={PLoS ONE 10(6): e0130335},
  year={2015},
}

@inproceedings{matthews_2013_eta,
    author={T. Matthews and M. S. Nixon and M. Niranjan},
    booktitle={Proceedings of the IEEE Conference on Computer Vision and Pattern Recognition},
    title={Enriching Texture Analysis with Semantic Data},
    year={2013},
    pages={1248-1255},
}



@article{julesz_1981_tte,
  title={Textons, the elements of texture perception, and their interactions},
  author={B{\'e}la Julesz},
  journal={Nature},
  year={1981},
  volume={290},
  pages={91-97}
}


@inproceedings{cimpoi_2014_dtw,
    author       = {Cimpoi, M. and Maji, S. and Kokkinos, I. and Mohamed, S. and Vedaldi, A.},
    title        = {Describing Textures in the Wild},
    booktitle    = {Proceedings of the IEEE Conference on Computer Vision and Pattern Recognition},
    year         = {2014},
}


@article{diverdi_2013_ppp,
    author = {S. DiVerdi and A. Krishnaswamy and R. M\v{e}ch and D. Ito},
    title = {Painting with Polygons: A Procedural Watercolor Engine},
    journal = {IEEE Transactions on Visualization and Computer Graphics},
    volume = {19},
    number = {5},
    year = {2013},
    pages = {723-735},
    publisher = {IEEE Computer Society}
}


@inproceedings{salesin_2002_nar,
    booktitle = {Keynote talk at Second International Symposium on Non-Photorealistic Animation and Rendering},
    author = {David H. Salesin},
    title = {Non-Photorealistic Animation and Rendering: 7 Grand Challenges},
    year = {2002},
}

@inproceedings{isenberg_2016_inw,
    author      = {Tobias Isenberg},
    title       = {Interactive {NPAR}: What type of tools should we create?},
    booktitle   = {Proceedings of the International Symposium on Non-Photorealistic Animation and Rendering},
    year        = {2016},
    pages       = {89--96},
}


@article{yamamoto_2005_idt,
    title = {Interaction design of tools for fostering creativity in the early stages of information design},
    journal = {International Journal of Human-Computer Studies},
    volume = {63},
    number = {4},
    pages = {513 - 535},
    year = {2005},
    author = {Yasuhiro Yamamoto and Kumiyo Nakakoji}
}


@article{lu_2014_dds,
    title = {{DecoBrush}: Drawing Structured Decorative Patterns by Example},
    volume = {33},
    number = {4},
    journal = {{ACM} Transactions on Graphics},
    author = {Lu, Jingwan and Barnes, Connelly and Wan, Connie and Asente, Paul and M\v{e}ch, Radom{\'i}r and Finkelstein, Adam},
    year = {2014},
    pages = {90:1--90:9},
}



@inproceedings{etemad_2008_apf,
    author = {Etemad, Katayoon and Samavati, Faramarz F. and Prusinkiewicz, Przemyslaw},
    title = {Animating Persian Floral Patterns},
    booktitle = {Proceedings of the Eurographics Conference on Computational Aesthetics in Graphics, Visualization and Imaging},
    year = {2008},
    pages = {25--32},
    publisher = {Eurographics Association},
} 



@inproceedings{saputra_2017_ffo,
    author = {Saputra, Reza Adhitya and Kaplan, Craig S. and Asente, Paul and M\v{e}ch, Radom\'ir},
    title = {FLOWPAK: Flow-based Ornamental Element Packing},
    booktitle = {Proceedings of the Graphics Interface Conference},
    year = {2017},
    pages = {8--15},
    publisher = {Canadian Human-Computer Communications Society},
} 


@article{zhou_2014_tsv,
    author = {Zhou, Shizhe and Jiang, Changyun and Lefebvre, Sylvain},
    title = {Topology-constrained Synthesis of Vector Patterns},
    journal = {{ACM} Transactions on Graphics},
    volume = {33},
    number = {6},
    year = {2014},
    pages = {215:1--215:11},
    publisher = {ACM},
} 


@article{santoni_2016_ggp,
    author = {Santoni, Christian and Pellacini, Fabio},
    title = {gTangle: A Grammar for the Procedural Generation of Tangle Patterns},
    journal = {{ACM} Transactions on Graphics},
    volume = {35},
    number = {6},
    year = {2016},
    pages = {182:1--182:11},
    publisher = {ACM},
} 


@article{loi_2017_pae,
    author = {Loi, Hugo and Hurtut, Thomas and Vergne, Romain and Thollot, Joelle},
    title = {Programmable 2D Arrangements for Element Texture Design},
    journal = {{ACM} Transactions on Graphics},
    volume = {36},
    number = {3},
    year = {2017},
    pages = {27:1--27:17},
    publisher = {ACM},
} 



@article{barla_2006_spa,
    author = {Barla, Pascal and Breslav, Simon and Thollot, Jo{\"e}lle and Sillion, Fran{\c c}ois and Markosian, Lee},
    title = {Stroke Pattern Analysis and Synthesis},
    journal = {Computer Graphics Forum},
    year = {2006},
    volume = {25},
    number = {3},
    pages = {663-671},
}


@article{summerville_2017_pcg,
    author    = {Adam Summerville and
                Sam Snodgrass and
                Matthew Guzdial and
                Christoffer Holmg{\aa}rd and
                Amy K. Hoover and
                Aaron Isaksen and
                Andy Nealen and
                Julian Togelius},
    title     = {Procedural Content Generation via Machine Learning},
    note   = {arXiv:1702.00539 [cs.AI]},
    year      = {2017},
}


@inproceedings {lasram_2012_ssf,
    booktitle = {Proceedings of the Conference of the European Association for Computer Graphics},
    title = {Scented Sliders for Procedural Textures},
    author = {Lasram, Anass and Lefebvre, Sylvain and Damez, Cyrille},
    year = {2012},
    publisher = {The Eurographics Association},
}


@article{smelik_2014_aso,
    title = {A Survey on Procedural Modeling for Virtual Worlds},
    journal = {Computer Graphics Forum},
    author = {Smelik, Ruben M. and Tutenel, Tim and Bidarra, Rafael and Benes, Bedrich},
    year = {2014},
}

@article{hendrikx_2013_pcg,
    author = {Hendrikx, Mark and Meijer, Sebastiaan and Van Der Velden, Joeri and Iosup, Alexandru},
    title = {Procedural Content Generation for Games: A Survey},
    journal = {{ACM} Transactions on Multimedia Computing, Communications, and Applications},
    volume = {9},
    number = {1},
    year = {2013},
    pages = {1:1--1:22},
    publisher = {ACM},
} 

@book{moughtin_1999_udo,
    title={Urban Design: Ornament and Decoration},
    publisher={Architectural Press},
    author={Moughtin, Cliff and Oc, Taner and Tiesdell, Steven},
    year={1999}
}

@book{dresser_1875_pdd,
    title={Principles of decorative design},
    publisher={Cassell Petter and Galpin},
    author={Dresser, Christopher},
    year={1875}
},

@book{arbruzzo_2006_dec,
    title={Decoration 306090},
    volume = {10},
    publisher={Princeton Architectural Press},
    author={Arbruzzo, Emily and Brisen, Alexander and Soloman, Jonathan D},
    year={2006}
},


@book{ward_1896_tpo,
    title = {The principles of ornament},
    year = {1896},
    author = {Ward, James},
    publisher =  {Chapman and Hall},
}


@book{wornum_1896_aof,
    title={Analysis of ornament},
    publisher={Chapman and Hall},
    author={Wornum, Ralph N.},
    year={1896}
}



@misc{oed_2017,
    author = {{Oxford English Dictionary Online}},
    year = {2017},
    publisher = {Oxford University Press},
    howpublished = {\url{http://www.oed.com}},
    note = {Accessed~August~20,~2017.},
}

@misc{Agarwal_2014_CSO,
    author = {Sameer Agarwal and Keir Mierle and Others},
    title = {Ceres Solver},
    year={2016},
    howpublished = {\url{http://ceres-solver.org}},
    note = {Accessed~August~12,~2018},
}

@article {gilet_2012_map,
    author = {Gilet, G. and Dischler, J-M. and Ghazanfarpour, D.},
    title = {Multi-scale Assemblage for Procedural Texturing},
    journal = {Computer Graphics Forum},
    volume = {31},
    number = {7},
    publisher = {Blackwell Publishing Ltd},
    pages = {2117--2126},
    year = {2012},
}



@article{kang_2017_fpt,
    author = {Kang, Hyeongyeop and Han, Junghyun},
    title = {Feature-preserving Procedural Texture},
    journal = {The Visual Computer},
    volume = {33},
    number = {6-8},
    year = {2017},
    pages = {761--768},
    publisher = {Springer},
} 


@inproceedings {pavie_2016_pts,
    author = {Pavie, Nicolas and Gilet, Guillaume and Dischler, Jean-Michel and Ghazanfarpour, Djamchid},
    title = {Procedural texture synthesis by locally controlled spot noise},
    booktitle = {Proceedings of International Conference in Central Europe on Computer Graphics, Visualization and Computer Vision},
    year = {2016},
}


@article {guingo_2017_btm,
    author = {Guingo, Geoffrey and Sauvage, Basile and Dischler, Jean-Michel and Cani, Marie-Paule},
    title = {Bi-Layer textures: a Model for Synthesis and Deformation of Composite Textures},
    journal = {Computer Graphics Forum},
    volume = {36},
    number = {4},
    pages = {111--122},
    year = {2017},
}



@article {galerne_2017_tno,
    author = {Galerne, B. and Leclaire, A. and Moisan, L.},
    title = {Texton Noise},
    journal = {Computer Graphics Forum},
    year = {2017},
}





@article{gilet_2014_lrn,
    author = {Gilet, Guillaume and Sauvage, Basile and Vanhoey, Kenneth and Dischler, Jean-Michel and Ghazanfarpour, Djamchid},
    title = {Local Random-phase Noise for Procedural Texturing},
    journal = {{ACM} Transactions on Graphics},
    volume = {33},
    number = {6},
    year = {2014},
    pages = {195:1--195:11},
    publisher = {ACM},
} 

@article{vanhoey_2013_otf,
    author = {Vanhoey, Kenneth and Sauvage, Basile and Larue, Fr{\'e}d{\'e}ric and Dischler, Jean-Michel},
    title = {On-the-fly Multi-scale Infinite Texturing from Example},
    journal = {{ACM} Transactions on Graphics},
    volume = {32},
    number = {6},
    year = {2013},
    pages = {208:1--208:10},
} 


@inproceedings{wei_2000_fts,
 author = {Wei, Li-Yi and Levoy, Marc},
 title = {Fast Texture Synthesis Using Tree-structured Vector Quantization},
 booktitle = {Proceedings of the SIGGRAPH Conference on Computer Graphics and Interactive Techniques},
 year = {2000},
 pages = {479--488},
 publisher = {ACM},
} 

@inproceedings{efros_1999_tsb,
    author  = {Alexei A. Efros and Thomas K. Leung},
    title   = {Texture Synthesis by Non-parametric Sampling},
    booktitle = {Proceedings of the IEEE International Conference on Computer Vision},
    year    = {1999},
    pages   = {1033-1038}
}

@inproceedings{heeger_1995_pbt,
    author = {Heeger, David J. and Bergen, James R.},
    title = {Pyramid-based Texture Analysis/Synthesis},
    booktitle = {Proceedings of the SIGGRAPH Conference on Computer Graphics and Interactive Techniques},
    year = {1995},
    pages = {229--238},
    publisher = {ACM},
}

@article {gieseke_2014_ipr,
    author = {Gieseke, L. and Koch, S. and Hahn, J.-U. and Fuchs, M.},
    title = {Interactive Parameter Retrieval for Two-Tone Procedural Textures},
    journal = {Computer Graphics Forum},
    volume = {33},
    number = {4},
    pages = {71--79},
    year = {2014},
}


@article {gilet_2010_ias,
    author = {Gilet, G. and Dischler, J-M.},
    title = {An Image-Based Approach for Stochastic Volumetric and Procedural Details},
    journal = {Computer Graphics Forum},
    volume = {29},
    number = {4},
    pages = {1411--1419},
    year = {2010},
}




@article{gilet_2012_mkn,
    author={Gilet, G. and Dischler, J-M. and Ghazanfarpour, D.},
    title={Multiple kernels noise for improved procedural texturing},
    journal={The Visual Computer},
    year={2012},
    volume={28},
    number={6},
    pages={679--689},
}


@article{galerne_2012_gne,
    author = {Galerne, Bruno and Lagae, Ares and Lefebvre, Sylvain and Drettakis, George},
    title = {Gabor Noise by Example},
    journal = {{ACM} Transactions on Graphics},
    volume = {31},
    number = {4},
    year = {2012},
    pages = {73:1--73:9},
    publisher = {ACM},
} 


@article{lagae_2010_pis,
    author = {Lagae, Ares and Vangorp, Peter and Lenaerts, Toon and Dutr{\'e}, Philip},
    title = {Procedural Isotropic Stochastic Textures by Example},
    journal = {Computers and Graphics},
    volume = {34},
    number = {4},
    year = {2010},
    pages = {312--321},
    publisher = {Pergamon Press, Inc.},
} 

@inproceedings{perlin_1985_ais,
    author = {Perlin, Ken},
    title = {An Image Synthesizer},
    journal = {Proceedings of the SIGGRAPH Conference on Computer Graphics and Interactive Techniques},
    volume = {19},
    number = {3},
    year = {1985},
    pages = {287--296},
    publisher = {ACM},
}


@book{ebert_2003_tmp,
  author = {David S. Ebert and F. Kenton Musgrave and Darwyn Peachey and Ken Perlin and Steven Worley},
  title = {Texturing and Modeling: A Procedural Approach},
  year = {2002},
  edition = {3rd},
  publisher = {Morgan Kaufmann Publishers Inc.}
}


@inproceedings{lin_2006_qeo,
  author={Wen-Chieh Lin and Hays, J. and Chenyu Wu and Yanxi Liu and Kwatra, V.},
  booktitle={Proceedings of the IEEE Computer Society Conference on Computer Vision and Pattern Recognition},
  title={Quantitative Evaluation of Near Regular Texture Synthesis Algorithms},
  year={2006},
  pages={427-434},
}


@book{stokes_2005_ccp,
  title={Creativity from Constraints: The Psychology of Breakthrough},
  author={Stokes, P.D.},
  year={2005},
  publisher={Springer}
}

@inproceedings{biskjaer_2014_cud,
 author = {Biskjaer, Michael and Dalsgaard, Peter and Halskov, Kim},
 title = {A Constraint-based Understanding of Design Spaces},
 booktitle = {Proceedings of the Conference on Designing Interactive Systems},
 year = {2014},
 pages = {453--462},
 publisher = {ACM},
} 

@inproceedings{shih_2011_buc,
    author = {Shih, Patrick C. and Venolia, Gina and Olson, Gary M.},
    title = {Brainstorming Under Constraints: Why Software Developers Brainstorm in Groups},
    booktitle = {Proceedings of the BCS Conference on Human-Computer Interaction},
    year = {2011},
    pages = {74--83},
    publisher = {British Computer Society},
} 


@inproceedings{onarheim_2010_occ,
    author = {Onarheim, Balder and Wiltschnig, Stefan},
    title = {Opening and Constraining: Constraints and Their Role in Creative Processes},
    booktitle = {Proceedings of the DESIRE Network Conference on Creativity and Innovation in Design},
    year = {2010},
    pages = {83--89},
    publisher = {Desire Network},
} 


@inproceedings{terry_2004_vea,
    author = {Terry, Michael and Mynatt, Elizabeth D. and Nakakoji, Kumiyo and Yamamoto, Yasuhiro},
    title = {Variation in Element and Action: Supporting Simultaneous Development of Alternative Solutions},
    booktitle = {Proceedings of the SIGCHI Conference on Human Factors in Computing Systems},
    year = {2004},
    pages = {711--718},
    publisher = {ACM},
} 


@article{shneiderman_2002_cst,
    author = {Shneiderman, Ben},
    title = {Creativity Support Tools},
    journal = {Communications of the {ACM}},
    volume = {45},
    number = {10},
    year = {2002},
    pages = {116--120},
    publisher = {ACM},
} 



@article{weisberg_2011_flw,
    author = { Robert W. Weisberg },
    title = {Frank Lloyd Wright's Fallingwater: A Case Study in Inside-the-Box Creativity},
    journal = {Creativity Research Journal},
    volume = {23},
    number = {4},
    pages = {296-312},
    year = {2011}
}


@article{shugrina_2017_ppi,
    author = {Shugrina, Maria and Lu, Jingwan and Diverdi, Stephen},
    title = {Playful Palette: An Interactive Parametric Color Mixer for Artists},
    journal = {{ACM} Transactions on Graphics},
    volume = {36},
    number = {4},
    year = {2017},
    pages = {61:1--61:10},
    publisher = {ACM},
} 


@article{cherry_2014_qcs,
    author = {Cherry, Erin and Latulipe, Celine},
    title = {Quantifying the Creativity Support of Digital Tools Through the Creativity Support Index},
    journal = {{ACM} Transactions on Computer-Human Interaction},
    volume = {21},
    number = {4},
    year = {2014},
    pages = {21:1--21:25},
    publisher = {ACM},
} 


@book{boden_2010_cat,
    title={Creativity and Art: Three Roads to Surprise},
    publisher={Oxford University Press},
    author={Boden, Margaret A.},
    year={2010}
}


@article{shneiderman_2007_cst,
    author = {Shneiderman, Ben},
    title = {Creativity Support Tools: Accelerating Discovery and Innovation},
    journal = {Communications of the {ACM}},
    volume = {50},
    number = {12},
    year = {2007},
    pages = {20--32},
    publisher = {ACM},
} 

@article {gaut_2010_pc,
    author = {Gaut, Berys},
    title = {The Philosophy of Creativity},
    journal = {Philosophy Compass},
    volume = {5},
    number = {12},
    publisher = {Blackwell Publishing Ltd},
    pages = {1034--1046},
    year = {2010},
}


@book{boden_2004_cmm,
    title={The Creative Mind: Myths and Mechanisms},
    author={Boden, Margaret A.},
    year={2004},
    publisher={Routledge}
}

@book{markman_2009_tis,
    title={Tools for Innovation: The Science Behind the Practical Methods That Drive New Ideas},
    author={Markman, A.B. and Wood, K.L.},
    year={2009},
    publisher={Oxford University Press}
}


@book{weisberg_2006_cui,
    title={Creativity: Understanding Innovation in Problem Solving, Science, Invention, and the Arts},
    author={Weisberg, R.W.},
    year={2006},
    publisher={Wiley}
}


@inproceedings{saputra_2018_rde,
    author = {Saputra, Reza Adhitya and Kaplan, Craig S. and Asente, Paul},
    title = {RepulsionPak: Deformation-Driven Element Packing with Repulsion Forces},
    year = {2018},
    publisher = {Canadian Human-Computer Communications Society},
    booktitle = {Proceedings of the 44th Graphics Interface Conference},
    pages = {10-17},
}

@article{saputra_2019_idd,  
    author={R. A. {Saputra} and C. {Kaplan} and P. {Asente}},  
    journal={IEEE Transactions on Visualization and Computer Graphics},   
    title={Improved Deformation-Driven Element Packing with RepulsionPak},   
    year={2019},  
    volume={},  
    number={},  
    pages={1-1}
}










% -------------------------------------------------------------------------------------------
% -------------------------------------------------------------------------------------------
% PFSS
% -------------------------------------------------------------------------------------------
% -------------------------------------------------------------------------------------------

@inproceedings{gieseke_2014_tva,
    author = {Gieseke, Lena and Koch, Sebastian and Hahn, Jens-Uwe and Fuchs, Martin},
    booktitle = {Proceedings of the Workshop Big Data Visual Computing - Quantitative Perspectives for Visual Computing},
    title = {Towards visually assisted navigation of large parameter spaces},
    year = 2014
}


@inproceedings{gieseke_2014_asp,
    author = {Gieseke, Lena and Koch, Sebastian and Hahn, Jens-Uwe and Fuchs, Martin},
    booktitle = {Proceedings of the European Conference for Visual Media Production},
    title = {Applying state-of-the-art parameter retrieval for procedural textures},
    year = 2014
}



@inproceedings{adelson_1987_opt,
    title={Orthogonal pyramid transforms for image coding},
    author={Adelson, Edward H and Simoncelli, Eero and Hingorani, Rajesh},
    booktitle={Proceedings of the Cambridge Symposium on Optics in Medicine and Visual Image Processing},
    pages={50--58},
    year={1987},
}

@inproceedings{ahmad_2007_tfb,
    title = {Texture features based on Fourier transform and Gabor filters: an empirical comparison},
    booktitle = {Proceedings of the International Conference on Machine Vision},
    author = {Ahmad, {U.A.} and Kidiyo, K. and Joseph, R.},
    year = {2007},
    pages = {67--72}
}

@article {bourque_2004_ptm,
    author = {Eric Bourque and Gregory Dudek},
    title = {Procedural Texture Matching and Transformation},
    journal = {Computer Graphics Forum},
    volume = {23},
    number = {3},
    publisher = {The Eurographics Association},
    pages = {461--468},
    year = {2004},
}

@article{burt_1983_tlp,
    title = {The Laplacian Pyramid as a Compact Image Code},
    volume = {31},
    journal = {{IEEE} Transactions on Communications},
    author = {Burt, Peter J. and Edward and Adelson, Edward H.},
    year = {1983},
    pages = {532--540}
}


@article{Campbell_1968_AOF,
    title = {Application of Fourier analysis to the visibility of gratings},
    volume = {197},
    number = {3},
    journal = {The Journal of Physiology},
    author = {Campbell, F. W. and Robson, J. G.},
    year = {1968},
    pages = {551--566}
}


@article{Daugman_1985_URF,
    author = {{Daugman}, J.~G.},
    title = {Uncertainty relation for resolution in space, spatial frequency, and orientation optimized by two-dimensional visual cortical filters},
    journal = {Journal of the Optical Society of America A},
    year = 1985,
    volume = 2,
    pages = {1160-1169},
}


@article{Dowson_1982_TFD,
    title = {The Fr\'{e}chet distance between multivariate normal distributions },
    journal = {Journal of Multivariate Analysis},
    volume = {12},
    number = {3},
    pages = {450--455},
    year = {1982},
    author = {Dowson, D.C and Landau, B.V },
}


@article{dunn_1995_ogf,
    title = {Optimal Gabor filters for texture segmentation},
    volume = {4},
    number = {7},
    journal = {{IEEE} Transactions on Image Processing},
    author = {Dunn, D. and Higgins, {W.E.}},
    year = {1995},
    pages = {947--964}
}




@article{Field_1987_RBT,
    title = {Relations between the statistics of natural images and the response properties of cortical cells},
    volume = {4},
    number = {12},
    journal = {Journal of the Optical Society of America},
    author = {David J. Field},
    year = {1987},
    pages = {2379--2394}
}

@article{Frigo_2005_TDA,
    author =   {Frigo, Matteo and Johnson, Steven~G.},
    title =    {The Design and Implementation of {FFTW3}},
    journal =    {Proceedings of the IEEE},
    year =   2005,
    volume =   93,
    number =   2,
    pages =  {216--231},
}


@article{gabor_1946_toc,
    title = {Theory of Communication},
    journal = {Journal of the Institution of Electrical Engineers},
    publisher = {Institution of Electrical Engineering},
    author = {Gabor, Dennis},
    volume = {93},
    year = {1946},
    pages = {429--457}
}



@article{Galerne_2012_GNB,
    title = {Gabor noise by example},
    volume = {31},
    number = {4},
    journal = {{ACM} Transactions on Graphics},
    author = {Bruno Galerne and Ares Lagae and Sylvain Lefebvre and George Drettakis},
    year = {2012},
    pages = {73:1--73:9}
}



@article{Givens_1984_WMPD,
    author = {Givens, Clark R. and Shortt, Rae Michael},
    journal = {Michigan Mathematical Journal},
    number = {2},
    pages = {231--240},
    publisher = {University of Michigan, Department of Mathematics},
    title = {A class of {W}asserstein metrics for probability distributions.},
    volume = {31},
    year = {1984}
}
@inproceedings{Greenspan_1994_OSP, 
    author={H. Greenspan and S. Belongie and R. Goodman and P. Perona and S. Rakshit and C. H. Anderson}, 
    booktitle={Proceedings of the IEEE Conference on Computer Vision and Pattern Recognition}, 
    title={Overcomplete steerable pyramid filters and rotation invariance}, 
    year={1994}, 
    pages={222-228}, 
}

@article{Grigorescu_2002_COT, 
    author={S. E. Grigorescu and N. Petkov and P. Kruizinga}, 
    journal={IEEE Transactions on Image Processing}, 
    title={Comparison of texture features based on Gabor filters}, 
    year={2002}, 
    volume={11}, 
    number={10}, 
    pages={1160-1167}, 
}

@MastersThesis{gruener_2016_epr,
    author     =     {Matti Grüner},
    title     =     {{Example-based Parameter Retrieval for Procedural Materials through Abstraction of Visual Features}},
    note     =     {University of Stuttgart},
    year     =     {2016},
}



@inproceedings{Jain_1990_UTS,
    title = {Unsupervised texture segmentation using Gabor filters},
    booktitle = {Proceedings of the IEEE International Conference on Systems, Man and Cybernetics},
    author = {Jain, {A.K.} and Farrokhnia, F.},
    year = {1990},
    pages = {14--19}
},


@article{jain_1998_amr,
    title = {A multiscale representation including opponent color features for texture recognition},
    volume = {7},
    number = {1},
    journal = {{IEEE} Transactions on Image Processing},
    author = {Jain, Amit and Healey, Glenn},
    year = {1998},
    pages = {124--128}
},


@misc{Jia_2010_SOA,
    author = {Botao Jia},
    year = 2010, 
    title = {Simplex Optimization Algorithm and Implemetation in {C}++ Programming},
    howpublished = {\url{http://www.codeguru.com/cpp/article.php/c17505/Simplex-Optimization-Algorithm-and-Implemetation-in-C-Programming.htm}},
    note = {Accessed~May~31,~2013}
},

% http://www.cs.toronto.edu/~kyros/courses/320/Lectures.2016s/lecture.2016s.13.pdf
@misc{Kutulakos_2016_HIR,
    author = {Kyros Kutulakos},
    Institution = {University of Toronto},
    Howpublished = {University of Toronto, Introduction to Visual Computing},
    year = {2016},
    title = {Hierarchical image representations}
}



@inproceedings{lagae_2010_sap,
    author = {A. Lagae and S. Lefebvre and R. Cook and T. DeRose and G. Drettakis and D. S. Ebert and J. P. Lewis and K. Perlin and M. Zwicker},
    title = {State of the Art in Procedural Noise Functions},
    booktitle = {Proceedings of the Conference of the European Association for Computer Graphics},
    year = {2010},
    publisher = {The Eurographics Association},
}





@article{lasram_2012_ptp,
journal = {Computer Graphics Forum},
title = {{Procedural Texture Preview}},
author = {Anass Lasram and Sylvain Lefebvre and Cyrille Damez },
pages = {413-420},
volume= {31},
number= {2},
year = {2012},
}

                
@inproceedings{lefebvre_2000_ass,
  author    = {Laurent Lefebvre and Pierre Poulin},
  title     = {Analysis and Synthesis of Structural Textures},
  booktitle = {Proceedings of the Graphics Interface Conference},
  year      = {2000},
  pages     = {77-86},
}

@article{Levenberg_1944_AMF,
    author = {Levenberg, Kenneth},
    journal = {Quarterly Journal of Applied Mathematics},
    number = {2},
    pages = {164--168},
    title = {A method for the solution of certain non-linear problems in least squares},
    volume = {II},
    year = {1944}
},

@article{marquardt_1963_als,
    author = {Marquardt, Donald W.},
    journal = {Journal on Applied Mathematics},
    number = 2,
    pages = {431--441},
    publisher = {Society for Industrial and Applied Mathematics},
    timestamp = {2012-09-01T13:09:12.000+0200},
    title = {An algorithm for least-squares estimation of nonlinear parameters},
    volume = 11,
    year = 1963
}




@book{Lew_2001_POV,
    author = {Lew, Michael S.},
    title     = {Principles of Visual Information Retrieval},
    booktitle = {Principles of Visual Information Retrieval},
    publisher = {Springer},
    year      = {2001},
}


@misc{Madsen_2004_MFN,
    author       ={Madsen K., Nielsen H. B. and Tingleff O.},
    title        ={Methods for Non-Linear Least Squares Problems},
    year         ={2004},
    edition = {2nd},
    pages        ={60},
    publisher    ={Informatics and Mathematical Modelling, Technical University of Denmark, {DTU}},
}

@article{manjunath_1996_tff,
  author = {B. S. Manjunath and W. Y. Ma},
  title = {Texture Features for Browsing and Retrieval of Image Data},
  journal = {IEEE Transactions on Pattern Analysis and Machine Intelligence},
  volume = {18},
  number = {8},
  year = {1996},
  pages = {837--842}
} 


@article{Nelder_1965_ASM,
  author = {Nelder, J. A. and Mead, R.}, 
  title = {A Simplex Method for Function Minimization},
  volume = {7}, 
  number = {4}, 
  pages = {308-313}, 
  year = {1965}, 
  journal = {The Computer Journal} 
}

@book{Nelles_2001_NSI,
  title={Nonlinear System Identification: From Classical Approaches to Neural Networks and Fuzzy Models},
  author={Nelles, O.},
  lccn={00064122},
  year={2001},
  publisher={Springer}
}

@inproceedings{Pele_2008_ALT,
 author = {Pele, Ofir and Werman, Michael},
 title = {A Linear Time Histogram Metric for Improved SIFT Matching},
 booktitle = {Proceedings of the European Conference on Computer Vision},
 year = {2008},
 pages = {495--508},
 publisher = {Springer},
} 


@inproceedings{Pele_2009_FAR, 
    author={O. Pele and M. Werman}, 
    booktitle={Proceedings of the IEEE International Conference on Computer Vision}, 
    title={Fast and robust Earth Mover's Distances}, 
    year={2009}, 
    pages={460-467}, 
}


@article{Perlin_2002_INO,
 author = {Perlin, Ken},
 title = {Improving Noise},
 journal = {{ACM} Transactions on Graphics},
 volume = {21},
 number = {3},
 year = {2002},
 
 pages = {681--682},
} 



@Book{Petrou_2006_IPD,
  title                    = {Image Processing: Dealing with Texture},
  author                   = {Maria Petrou and Pedro Garcia Sevilla},
  Publisher                = {John Wiley and Sons},
  year                     = {2006},
}

@book{pouli_2013_isi,
 author = {Pouli, Tania and Reinhard, Erik and Cunningham, Douglas W.},
 title = {Image Statistics in Visual Computing},
 year = {2013},
 edition = {1st},
 publisher = {A. K. Peters, Ltd.},
} 

@article {pouli_2011_asi,
author = {Pouli, Tania and Cunningham, Douglas W. and Reinhard, Erik},
title = {A Survey of Image Statistics Relevant to Computer Graphics},
journal = {Computer Graphics Forum},
volume = {30},
number = {6},
pages = {1761--1788},
year = {2011},
}


@article{randen_1999_fft,
  title = {Filtering for texture classification: a comparative study},
  volume = {21},
  number = {4},
  journal = {{IEEE} Transactions on Pattern Analysis and Machine Intelligence},
  author = {Randen, T. and Husoy, {J.H.}},
  year = {1999},
  pages = {291--310}
}


@misc{Ranganathan_2004_TLM,
    author = {Ananth Ranganathan},
    title = {The Levenberg-Marquardt Algorithm},
    year = {2004},
    howpublished = {\url{http://www.ananth.in/Notes\_files/lmtut.pdf}},
    note = {Viewed~July~11,~2016.}
}


@inproceedings{Rubner_1998_AMF, 
    author={Y. Rubner and C. Tomasi and L. J. Guibas}, 
    booktitle={Proceedings of the International Conference on Computer Vision}, 
    title={A metric for distributions with applications to image databases}, 
    year={1998}, 
    pages={59-66},
    publisher = {IEEE Computer Society},
}



@book{Velho_2011_MOI,
 author = {Velho, Luiz and Carvalho, Paulo and Gomes, Jonas and de Figueiredo, Luiz},
 title = {Mathematical Optimization in Computer Graphics and Vision},
 year = {2008},
 publisher = {Morgan Kaufmann Publishers Inc.},
} 


@inproceedings{wei_2009_seb,
    title = {State of the art in example-based texture synthesis},
    booktitle = {Proceedings of the Conference of the European Association for Computer Graphics},
    author = {Li-Yi Wei and Sylvain Lefebvre and Vivek Kwatra and Greg Turk},
    year = {2009},
    pages = {93--117},
    publisher = {The Eurographics Association},
}

@article{Wu_2013_IBD,
  author = {Wu, Hongzhi and Dorsey, Julie and Rushmeier, Holly},
  title = {Inverse bi-scale material design},
  journal = {{ACM} Transactions on Graphics},
  volume = {32},
  number = {6},
  year = {2013},
  pages = {163:1--163:10},
} 

@inproceedings{zhou_2001_tfb, 
  author={Feng Zhou and Ju-Fu Feng and Qing-Yun Shi}, 
  booktitle={Proceedings of the International Conference on Image Processing}, 
  title={Texture feature based on local Fourier transform}, 
  year={2001}, 
  volume={2},
  pages={610--613},
}

% -------------------------------------------------------------------------------------------
% -------------------------------------------------------------------------------------------
% DECO
% -------------------------------------------------------------------------------------------
% -------------------------------------------------------------------------------------------


@misc{gieseke_2016_igp,
 author = {Gieseke, Lena and Asente, Paul and Lu, Jingwan},
 title = {Interactive Generation of Procedural Ornaments},
 note = {US Patent, Application Number: 15/288999, Status: Pending},
 type = {Patent},
 year = {2016},
}


@inproceedings{gieseke_2017_ooo,
 author = {Gieseke, Lena and Asente, Paul and Lu, Jingwan and Fuchs, Martin},
 title = {Organized Order in Ornamentation},
 booktitle = {Proceedings of the Symposium on Computational Aesthetics},
 year = {2017},
 pages = {4:1--4:9},
 publisher = {ACM},
} 



@incollection{anderson_2008_udt,
    title = {User driven two-dimensional computer-generated ornamentation},
    booktitle = {Advances in Visual Computing},
    publisher = {Springer},
    author = {Anderson, Dustin and Wood, Zo\"{e}},
    year = {2008},
    pages = {604--613},
}


@article{benes_2011_gpm,
  title = {Guided Procedural Modeling},
  volume = {30},
  number = {2},
  journal = {Computer {Graphics} {Forum}},
  publisher = {Wiley Online Library},
  author = {Benes, B. and {\v S}t'ava, O. and M{\v e}ch, R. and Miller, G.},
  year = {2011},
  pages = {325--334},
}


@article{Bokeloh_2010_ACB,
  title = {A Connection Between Partial Symmetry and Inverse Procedural Modeling},
  volume = {29},
  
  timestamp = {2015-06-09 16:55:43},
  number = {4},
  journal = {{ACM} Transactions on Graphics},
  author = {Bokeloh, Martin and Wand, Michael and Seidel, Hans-Peter},
  year = {2010},
  pages = {104:1--104:10},
}

@article{bradley_2013_irs,
    author = {Bradley, Derek and Nowrouzezahrai, Derek and Beardsley, Paul},
    title = {Image-based Reconstruction and Synthesis of Dense Foliage},
    journal = {{ACM} Transactions on Graphics},
    volume = {32},
    number = {4},
    year = {2013},
    pages = {74:1--74:10},
    publisher = {ACM},
}


@article{chen_2008_ips,
    author    =  {Guoning Chen and Gregory Esch and Peter Wonka and Pascal Mueller and Eugene Zhang},
    title         =  {Interactive Procedural Street Modeling},
    journal = {{ACM} Transactions on Graphics},
    year        =  {2008},
    volume   =  {27},
    number  =  {3},
    pages  =  {103:1-103:10},
}

@article{chen_2008_stm,
    title = {Sketch-based {Tree} {Modeling} {Using} {Markov} {Random} {Field}},
    volume = {27},
    number = {5},
    journal = {{ACM} Transactions on Graphics},
    author = {Chen, Xuejin and Neubert, Boris and Xu, Ying-Qing and Deussen, Oliver and Kang, Sing Bing},
    year = {2008},
    pages = {109:1--109:9}
}

@article{chen_2016_sof,
    title={Synthesis of filigrees for digital fabrication},
    author={Chen, Weikai and Zhang, Xiaolong and Xin, Shiqing and Xia, Yang and Lefebvre, Sylvain and Wang, Wenping},
    journal={{ACM} Transactions on Graphics},
    volume={35},
    number={4},
    pages={98},
    year={2016},
    publisher={ACM}
}


@article{emilien_2015_wie,
    author = {Emilien, Arnaud and Vimont, Ulysse and Cani, Marie-Paule and Poulin, Pierre and Benes, Bedrich},
    title = {WorldBrush: Interactive Example-based Synthesis of Procedural Virtual Worlds},
    journal = {{ACM} Transactions on Graphics},
    volume = {34},
    number = {4},
    year = {2015},
    pages = {106:1--106:11},
    publisher = {ACM},
}

@article{ijiri_2008_aeb,
    author = {Ijiri, Takashi and M\v{e}ch, Radom{\'i}r and Igarashi, Takeo and Miller, Gavin},
    title = {An Example-based Procedural System for Element Arrangement},
    journal = {Computer {Graphics} {Forum}},
    volume = {27},
    year = {2008},
    number = {2},
    pages = {429-436},
}


@article{lipp_2008_ive,
    title = {Interactive Visual Editing of Grammars for Procedural Architecture},
    volume = {27},
    number = {3},
    journal = {{ACM} Transactions on Graphics},
    author = {Lipp, Markus and Wonka, Peter and Wimmer, Michael},
    year = {2008},
    pages = {102:1--102:10},
}


@article{ma_2011_det,
    author = {Ma, Chongyang and Wei, Li-Yi and Tong, Xin},
    title = {Discrete Element Textures},
    journal = {{ACM} Transactions on Graphics},
    volume = {30},
    number = {4},
    year = {2011},
    pages = {62:1--62:10},
    publisher = {ACM},
} 


@article{ma_2013_det,
    author = {Ma, Chongyang and Wei, Li-Yi and Lefebvre, Sylvain and Tong, Xin},
    title = {Dynamic Element Textures},
    journal = {{ACM} Transactions on Graphics},
    volume = {32},
    number = {4},
    year = {2013},
    pages = {90:1--90:10},
    publisher = {ACM},
} 

@article{maharik_2011_dm,
    author = {Maharik, Ron and Bessmeltsev, Mikhail and Sheffer, Alla and Shamir, Ariel and Carr, Nathan},
    title = {Digital Micrography},
    journal = {{ACM} Transactions on Graphics},
    volume = {30},
    number = {4},
    year = {2011},
    pages = {100:1--100:12},
    publisher = {ACM},
} 


@article{mech_2012_tdf,
    title = {The Deco framework for interactive procedural modeling},
    volume = {1},
    number = {1},
    urldate = {2015-12-03},
    journal = {Journal of Computer Graphics Techniques},
    author = {M\v{e}ch, Radom{\'i}r and Miller, Gavin},
    year = {2012}, 
    pages = {43--99},
}

@inproceedings{Nakagaki_2014_CCD,
    author = {Nakagaki, Ken and Kakehi, Yasuaki},
    title = {Comp*Pass: A Compass-based Drawing Interface},
    booktitle = {CHI Extended Abstracts on Human Factors in Computing Systems},
    year = {2014},
    pages = {447--450},
    publisher = {ACM},
}

@article{palubicki_2009_sot,
    title = {Self-organizing Tree Models for Image Synthesis},
    volume = {28},
    number = {3},
    journal = {{ACM} Transactions on Graphics},
    author = {Palubicki, Wojciech and Horel, Kipp and Longay, Steven and Runions, Adam and Lane, Brendan and M\v{e}ch, Radom{\'i}r and Prusinkiewicz, Przemyslaw},
    year = {2009},
    pages = {58:1--58:10}
}
@inproceedings{Parish_2001_PMO,
 author = {Parish, Yoav I. H. and M\"{u}ller, Pascal},
 title = {Procedural Modeling of Cities},
 booktitle = {Proceedings of the Conference on Computer Graphics and Interactive Techniques},
 year = {2001},
 pages = {301--308},
 publisher = {ACM},
}

@article{Pauly_2008_DSR,
 author = {Pauly, Mark and Mitra, Niloy J. and Wallner, Johannes and Pottmann, Helmut and Guibas, Leonidas J.},
 title = {Discovering Structural Regularity in 3D Geometry},
 journal = {{ACM} Transactions on Graphics},
 volume = {27},
 number = {3},
 year = {2008},
 
 pages = {43:1--43:11},
 publisher = {ACM},
} 

@article{pirk_2012_pti,
  title = {Plastic trees: interactive self-adapting botanical tree models},
  volume = {31},
  number = {4},
  urldate = {2015-06-10},
  journal = {{ACM} Transactions on Graphics},
  author = {Pirk, S{\"o}ren and Stava, Ondrej and Kratt, Julian and Said, Michel Abdul Massih and Neubert, Boris and M{\v e}ch, Radom{\'i}r and Benes, Bedrich and Deussen, Oliver},
  year = {2012},
  pages = {1--10}
}

@book{Prusinkiewicz_2012_TAB,
    title = {The algorithmic beauty of plants},
    publisher = {{Springer}},
    author = {{Prusinkiewicz}, Przemyslaw},
    collaborator = {{Lindenmayer}, Aristid},
    year = {1990},
}

@article{Prusinkiewicz_2003_LDO,
author = {Prusinkiewicz, Przemyslaw And Samavati, Faramarz And Smith, Colin And Karwowski, Radoslaw},
title = {L-system Description Of Subdivision Curves},
journal = {International Journal of Shape Modeling},
volume = {09},
number = {01},
pages = {41-59},
year = {2003}
}





@article{ritchie_2015_cpm,
    author = {Ritchie, Daniel and Mildenhall, Ben and Goodman, Noah D. and Hanrahan, Pat},
    title = {Controlling Procedural Modeling Programs with Stochastically-ordered Sequential Monte Carlo},
    journal = {{ACM} Transactions on Graphics},
    volume = {34},
    number = {4},
    year = {2015},
    pages = {105:1--105:11},
    publisher = {ACM}
} 


@inproceedings{ritchie_2016_ngp,
 author = {Ritchie, Daniel and Thomas, Anna and Hanrahan, Pat and Goodman, Noah D.},
 title = {Neurally-guided Procedural Models: Amortized Inference for Procedural Graphics Programs Using Neural Networks},
 booktitle = {Proceedings of the International Conference on Neural Information Processing Systems},
 year = {2016},
 pages = {622--630},
 publisher = {Curran Associates Inc.},

} 



@article{stava_2010_ipm,
  title = {Inverse Procedural Modeling by Automatic Generation of L-systems},
  volume = {29},
  number = {2},
  journal =  {Computer {Graphics} {Forum}},
  author = {{\v S}t'ava, O. and Benes, B. and M{\v e}ch, R. and Aliaga, D. G. and Kri{\v s}tof, P.},
  year = {2010},
  pages = {665--674}
}


@article{stava_2014_ipm,
  title = {Inverse Procedural Modelling of Trees},
  volume = {33},
  number = {6},
  urldate = {2015-06-10},
  journal = {Computer Graphics Forum},
  author = {{\v S}t'ava, O. and Pirk, S. and Kratt, J. and Chen, B. and M{\v e}ch, R. and Deussen, O. and Benes, B.},
  year = {2014},
  pages = {118--131},
}


@article{talton_2011_mpm,
    title = {Metropolis procedural modeling},
    volume = {30},
    number = {2},
    journal = {{ACM} Transactions on Graphics},
    author = {Talton, Jerry O. and Lou, Yu and Lesser, Steve and Duke, Jared and M{\v e}ch, Radom{\'i}r and Koltun, Vladlen},
    year = {2011},
    pages = {1--14},
}


@inproceedings{wong_1998_cgf,
    title = {Computer-generated Floral Ornament},
    booktitle = {Proceedings of the Conference on Computer Graphics and Interactive Techniques},
    publisher = {ACM},
    author = {Wong, Michael T. and Zongker, Douglas E. and Salesin, David H.},
    year = {1998},
    pages = {423--434},
}


@article {xu_2015_ptm,
    author = {Xu, Ling and Mould, David},
    title = {Procedural Tree Modeling with Guiding Vectors},
    journal = {Computer Graphics Forum},
    volume = {34},
    number = {7},
    pages = {47--56},
    year = {2015},
}



@article{yu_2012_ans,
    author = {Yu-Sheng Chen and Jie Shie and Lieu-Hen Chen},
    title = {A NPR System for Generating Floral Patterns based on L-System},
    journal = {Bulletin of Networking, Computing, Systems, and Software},
    volume = {1},
    number = {1},
    year = {2012},
}


@article{yuanyuan_2011_gso,
  title = {Geometry Synthesis on Surfaces Using Field-Guided Shape Grammars},
  volume = {17},
  number = {2},
  journal = {{IEEE} Transactions on Visualization and Computer Graphics},
  author = {Yuanyuan Li and Fan Bao and Zhang, Eugene and Kobayashi, Yoshihiro and Wonka, Peter},
  year = {2011},
  pages = {231--243}
}


% -------------------------------------------------------------------------------------------
% -------------------------------------------------------------------------------------------
% TIDY
% -------------------------------------------------------------------------------------------
% -------------------------------------------------------------------------------------------

@inproceedings{ufer_2012_tua,
    author={Ufer, Nikolai and Souiai, Mohamed and Cremers, Daniel},
    title={Wehrli 2.0: An Algorithm for ``Tidying up Art''},
    booktitle={Proceedings of the International Conference on Computer Vision},
    year={2012},
    publisher={Springer},
    pages={532--541},
}



@article{huang_2011_alc,
 author = {Huang, Hua and Zhang, Lei and Zhang, Hong-Chao},
 title = {Arcimboldo-like Collage Using Internet Images},
 journal = {{ACM} Transactions on Graphics},
 volume = {30},
 number = {6},
 year = {2011},
 pages = {155:1--155:8},
 publisher = {ACM},
} 


@article{zhang_2012_hnc,
  title = {Hierarchical Narrative Collage For Digital Photo Album},
  volume = {31},
  number = {7},
  journal = {Computer Graphics Forum},
  author = {Zhang, Lei and Huang, Hua},
  year = {2012},
  pages = {2173--2181},
}



@article{goferman_2010_plc,
  title = {Puzzle-like Collage},
  volume = {29},
  timestamp = {2015-05-12 12:43:54},
  number = {2},
  urldate = {2015-05-12},
  journal = {Computer Graphics Forum},
  author = {Goferman, Stas and Tal, Ayellet and Zelnik-Manor, Lihi},
  year = {2010},
  pages = {459--468}
}



@article{song_2013_aab,
  title = {Abstract Art by Shape Classification},
  volume = {19},
  number = {8},
  journal = {{IEEE} Transactions on Visualization and Computer Graphics},
  author = {Song, Yi-Zhe and Pickup, D. and Li, Chuan and Rosin, P. and Hall, P.},
  year = {2013},
  pages = {1252--1263},
}


@article{lai_2013_are,
  title = {Artistic rendering enhancing global structure},
  volume = {30},
  number = {10},
  journal = {The Visual Computer},
  author = {Lai, Yu-Kun and Rosin, Paul L.},
  year = {2013},
  pages = {1179--1193},
}


@article{collomosse_2003_csr,
  title = {Cubist style rendering from photographs},
  volume = {9},
  number = {4},
  journal = {IEEE Transactions on Visualization and Computer Graphics},
  author = {Collomosse, John P. and Hall, Peter M.},
  year = {2003},
  pages = {443--453}
}

@misc{klingel_2015_epr,
    author     =     {Sven Klingel},
    title     =     {{Automatisierte Zerlegung von Bildern und die geordnete Darstellung ihrer Konstituenten}},
    note     =     {Diplomarbeit. University of Stuttgart},
    year     =     {2015},
}


@inproceedings{gieseke_2015_siu,
    author = {Gieseke, Lena and Klingel, Sven and Fuchs, Martin},
    booktitle = {Proceedings of the Workshop on Computational Aesthetics},
    title = {Shake it up - Image Decomposition and Rearrangements of Its Constituents},
    year = 2015,
    publisher = {Eurographics Association},
}

%Segementation

@inproceedings{Beucher_1979_UOW,
    author = {Beucher, Serge and Lantu{\'e}joul, Christian},
    title = {Use of watersheds in contour detection},
    booktitle = {Proceedings of the International Workshop on Image Processing, Real-time Edge and Motion Detection},
    year = {1979}
}

@article{Cheng_2001_CIS,
    author = {H.D. Cheng and X.H. Jiang and Y. Sun and Jingli Wang},
    title = {Color Image Segmentation: Advances and Prospects},
    journal = {Pattern Recognition},
    volume = {34},
    year = {2001},
    number = {12},
    pages = {2259--2281},
    
}


@inproceedings{Raut_2009_ISA,
    author = {Raut, S. and Raghuvanshi, M. and Dharaskar, R. and Raut, A.},
    title = {Image Segmentation --- A State-Of-Art Survey for Prediction},
    booktitle = {Proceedings of the International Conference on Advanced Computer Control},
    publisher = {IEEE},
    year = {2009},
    pages = {420--424}
}


@article{Cheng_1995_MS,
  title = {Mean shift, mode seeking, and clustering},
  volume = {17},
  
  number = {8},
  journal = {IEEE Transactions on Pattern Analysis and Machine Intelligence},
  author = {Cheng, Yizong},
  year = {1995},
  note = {02783},
  pages = {790--799}
}

@article{Comaniciu_2002_MSA,
    author = {Comaniciu, Dorin and Meer, Peter},
    title = {Mean shift: A robust approach toward feature space analysis},
    journal = {IEEE Transactions on Pattern Analysis and Machine Intelligence},
    volume = {24},
    year = {2002},
    number = {5},
    pages = {603--619},
    
}
@article{Zhang_2008_ISE,
  title = {Image Segmentation Evaluation: A Survey of Unsupervised Methods},
  volume = {110},
  number = {2},
  journal = {Computer Vision and Image Understanding},
  author = {Zhang, Hui and Fritts, Jason E. and Goldman, Sally A.},
  year = {2008},
  pages = {260--280},
}

%Idea, Concept

%Reference correct?
@book{wehrli_2003_tau,
  title = {Tidying up art},
  publisher = {Prestel},
  author = {Wehrli, Ursus},
  year = {2003}
}

%Arrangements

@article{reinert_2013_ibe,
  title = {Interactive {By}-example {Design} of {Artistic} {Packing} {Layouts}},
  volume = {32},
  number = {6},
  journal = {{ACM} Transactions on Graphics},
  author = {Reinert, Bernhard and Ritschel, Tobias and Seidel, Hans-Peter},
  year = {2013},
  pages = {218:1--218:7}
}

@inproceedings{hausner_2001_sdm,
    title = {Simulating Decorative Mosaics},
    booktitle = {Proceedings of the Conference on Computer Graphics and Interactive Techniques},
    publisher = {ACM},
    author = {Hausner, Alejo},
    year = {2001},
    pages = {573--580},
}

@inproceedings{dalal_2006_asa,
    title = {A Spectral Approach to NPR Packing},
    booktitle = {Proceedings of the International Symposium on Non-photorealistic Animation and Rendering},
    publisher = {ACM},
    author = {Dalal, Ketan and Klein, Allison W. and Liu, Yunjun and Smith, Kaleigh},
    year = {2006},
    pages = {71--78},
}


@inproceedings{hurtut_2009_ags,
    title = {Appearance-guided Synthesis of Element Arrangements by Example},
    booktitle = {Proceedings of the International Symposium on Non-Photorealistic Animation and Rendering},
    publisher = {ACM},
    author = {Hurtut, T. and Landes, P.-E. and Thollot, J. and Gousseau, Y. and Drouillhet, R. and Coeurjolly, J.-F.},
    year = {2009},
    pages = {51--60}
}


@misc{DIN99,
  title = {{DIN} 6176:2001-03, {Norm}},
  year = {2001},
  note = {Farbmetrische Bestimmung von Farbabst{\"a}nden bei K{\"o}rperfarben nach der DIN99-Formel},
}











% -------------------------------------------------------------------------------------------
% -------------------------------------------------------------------------------------------
% STAR
% -------------------------------------------------------------------------------------------
% -------------------------------------------------------------------------------------------

@inproceedings{frich_2018_tyo,
    author = {Frich, Jonas and Mose Biskjaer, Michael and Dalsgaard, Peter},
    title = {Twenty Years of Creativity Research in Human-Computer Interaction: Current State and Future Directions},
    year = {2018},
    publisher = {{ACM}},
    booktitle = {Proceedings of the 2018 Designing Interactive Systems Conference},
    pages = {1235-1257},
}

@inproceedings{frich_2019_mtl,
    author = {Frich, Jonas and MacDonald Vermeulen, Lindsay and Remy, Christian and Biskjaer, Michael Mose and Dalsgaard, Peter},
    title = {Mapping the Landscape of Creativity Support Tools in HCI},
    year = {2019},
    publisher = {{ACM}},
    booktitle = {Proceedings of the 2019 CHI Conference on Human Factors in Computing Systems},
    pages = {1-18},
}

@inproceedings{remy_2020_ecs,
    author = {Remy, Christian and MacDonald Vermeulen, Lindsay and Frich, Jonas and Biskjaer, Michael Mose and Dalsgaard, Peter},
    title = {Evaluating Creativity Support Tools in HCI Research},
    year = {2020},
    publisher = {{ACM}},
    booktitle = {Proceedings of the 2020 ACM Designing Interactive Systems Conference},
    pages = {457-476},
}


@article{barnes_2017_aso, 
    title={A survey of the state-of-the-art in patch-based synthesis}, 
    volume={3}, 
    number={1}, 
    journal={Computational Visual Media}, 
    author={Barnes, Connelly and Zhang, Fang-Lue}, 
    year={2017}, 
    pages={3-20}
}

@inproceedings{joppi_2019_tri,
    author={Joppi, Christian and Godi, Marco and Giachetti, Andrea and Pellacini, Fabio and Cristani, Marco},
    editor={Ricci, Elisa and Rota Bul\`o, Samuel and Snoek, Cees and Lanz, Oswald and Messelodi Stefano and Sebe, Nicu},
    title={Texture Retrieval in the Wild Through Detection-Based Attributes},
    booktitle={Image Analysis and Processing -- ICIAP 2019},
    year={2019},
    publisher={Springer International Publishing},
    pages={522-533}
}


@article{talton_2009_emw,
    author = {Talton, Jerry O. and Gibson, Daniel and Yang, Lingfeng and Hanrahan, Pat and Koltun, Vladlen},
    title = {Exploratory Modeling with Collaborative Design Spaces},
    year = {2009},
    issue_date = {December 2009},
    publisher = {{ACM}},
    volume = {28},
    number = {5},
    journal = {{ACM} Transactions on Graphics},
    pages = {1-10},
}

@article {heer_2019_apa,
    author = {Heer, Jeffrey},
    title = {Agency plus automation: Designing artificial intelligence into interactive systems},
    volume = {116},
    number = {6},
    pages = {1844-1850},
    year = {2019},
    publisher = {National Academy of Sciences},
    journal = {Proceedings of the National Academy of Sciences}
}

@article{hu_2019_ssf,
    author = {Hu, Zhongyuan and Xie, Haoran and Fukusato, Tsukasa and Sato, Takahiro and Igarashi, Takeo},
    title = {Sketch2VF: Sketch-based flow design with conditional generative adversarial network},
    journal = {Computer Animation and Virtual Worlds},
    volume = {30},
    number = {3-4},
    pages = {e1889},
    year = {2019}
}

@article{guo_2020_ipm,
    author = {Guo, Jianwei and Jiang, Haiyong and Benes, Bedrich and Deussen, Oliver and Zhang, Xiaopeng and Lischinski, Dani and Huang, Hui},
    title = {Inverse Procedural Modeling of Branching Structures by Inferring L-Systems},
    year = {2020},
    issue_date = {September 2020},
    publisher = {{ACM}},
    volume = {39},
    number = {5},
    journal = {{ACM} Transactions on Graphics},
    articleno = {155},
}

@article{guerin_2017_ieb,
    author = {Gu\'{e}rin, \'{E}ric and Digne, Julie and Galin, \'{E}ric and Peytavie, Adrien and Wolf, Christian and Benes, Bedrich and Martinez, Beno\^{i}t},
    title = {Interactive Example-Based Terrain Authoring with Conditional Generative Adversarial Networks},
    year = {2017},
    issue_date = {November 2017},
    publisher = {{ACM}},
    volume = {36},
    number = {6},
    journal = {{ACM} Transactions on Graphics},
    articleno = {228},
    numpages = {13},
}

@inproceedings{chu_2019_ntg,
    title={Neural Turtle Graphics for Modeling City Road Layouts},
    author={Chu, Hang and Li, Daiqing and Acuna, David and Kar, Amlan and Shugrina, Maria and Wei, Xinkai and Liu, Ming-Yu and Torralba, Antonio and Fidler, Sanja},
    booktitle={ICCV},
    year={2019}
}

@article{haedrich_2017_ima,
    author = {H\"{a}drich, Torsten and Benes, Bedrich and Deussen, Oliver and Pirk, S\"{o}ren},
    title = {Interactive Modeling and Authoring of Climbing Plants},
    year = {2017},
    publisher = {The Eurographs Association &amp; John Wiley &amp; Sons, Ltd.},
    volume = {36},
    number = {2},
    journal = {Computer Graphics Forum},
    pages = {49-61},
}

@article{tu_2020_cct,
    title = {Continuous Curve Textures},
    author = {Peihan Tu and Li-Yi Wei and Koji Yatani and Takeo Igarashi and Matthias Zwicker},
    journal = {{ACM} Transactions on Graphics},
    volume = {39},
    number = {6},
    year = {2020},
}

@article {guehl_2020_stu, 
    journal = {Computer Graphics Forum}, 
    title = {{Semi-Procedural Textures Using Point Process Texture Basis Functions}}, 
    author = {Guehl, Pascal and All\`{e}gre, Remi and Dischler, Jean-Michel and Benes, Bedrich and Galin, Eric}, 
    year = {2020}, 
    publisher = {The Eurographics Association and John Wiley & Sons Ltd.}
}

@article{bian_2018_tpd,
    author = {Bian, Xiaojun and Wei, Li-Yi and Lefebvre, Sylvain},
    title = {Tile-Based Pattern Design with Topology Control},
    year = {2018},
    publisher = {The Association for Computers in Mathematics and Science Teaching},
    volume = {1},
    number = {1},
    journal = {Proceedings of the ACM on Computer Graphics and Interactive Techniques},
    articleno = {23},
}

@article{derouet_2019_gsw,
    author = {Derouet-Jourdan, Alexandre and Salvati, Marc and Jonchier, Th\'{e}o},
    title = {Generating Stochastic Wall Patterns On-the-fly with Wang Tiles},
    journal = {Computer Graphics Forum},
    volume = {38},
    number = {2},
    pages = {255-264},
    year = {2019}
}

@article{xing_2015_aha,
    author = {Xing, Jun and Wei, Li-Yi and Shiratori, Takaaki and Yatani, Koji},
    title = {Autocomplete Hand-Drawn Animations},
    year = {2015},
    publisher = {ACM},
    volume = {34},
    number = {6},
    journal = {{ACM} Transactions on Graphics},
    articleno = {169},
}

@article{alvarez_2019_ido,
    author = {Alvarez, Luis and Monz\'{o}n, Nelson and Morel, Jean-Michel},
    title = {Interactive design of random aesthetic abstract textures by composition principles},
    journal = {Leonardo},
    volume = {0},
    pages = {1-11},
    year = {2019},
}

@inproceedings{pedersen_2006_ola,
    author = {Pedersen, Hans and Singh, Karan},
    title = {Organic Labyrinths and Mazes},
    year = {2006},
    publisher = {ACM},
    booktitle = {Proceedings of the 4th International Symposium on Non-Photorealistic Animation and Rendering},
    pages = {79-86},
}

@article{davison_2019_ief,
    title = {Interactive example-palettes for discrete element texture synthesis},
    author = {Timothy Davison and Faramarz Samavati and Christian Jacob},
    journal = {Computers \& Graphics},
    volume = {78},
    pages = {23-36},
    year = {2019},
}


@inproceedings{hsu_2020_aef,
    author = {Hsu, Chen-Yuan and Wei, Li-Yi and You, Lihua and Zhang, Jian Jun},
    title = {Autocomplete Element Fields},
    year = {2020},
    publisher = {ACM},
    booktitle = {Proceedings of the 2020 CHI Conference on Human Factors in Computing Systems},
    pages = {1-13},
    numpages = {13},
}

@inproceedings{hsu_2018_bef,
    author = {Hsu, Chen-Yuan and Wei, Li-Yi and You, Lihua and Zhang, Jian Jun},
    title = {Brushing Element Fields},
    year = {2018},
    publisher = {ACM},
    booktitle = {SIGGRAPH Asia 2018 Technical Briefs},
    articleno = {6},
    numpages = {4},
}

@inproceedings{landes_2013_asm,
    author = {Landes, Pierre-Edouard and Galerne, Bruno and Hurtut, Thomas},
    title = {A Shape-Aware Model for Discrete Texture Synthesis},
    year = {2013},
    publisher = {Eurographics Association},
    booktitle = {Proceedings of the Eurographics Symposium on Rendering},
    pages = {67-76},
}

@article{chen_2019_mpc,
    author = {Chen, Minghai and Xu, Fan and Lu, Lin},
    year = {2019},
    title = {Manufacturable pattern collage along a boundary},
    volume = {5},
    journal = {Computational Visual Media},
}

@article{peihan_2019_pps,
    title = {Point Pattern Synthesis via Irregular Convolution},
    author = {Peihan Tu, Dani Lischinski and Hui Huang},
    journal = {Computer Graphics Forum (Proceedings of SGP 2019)},
    volume = {38},
    number = {5},
    pages = {109-122},
    year = {2019},
} 

@inproceedings{li_2019_aqp,
    author = {Li, Yifei and Breen, David E. and McCann, James and Hodgins, Jessica},
    title = {Algorithmic Quilting Pattern Generation for Pieced Quilts},
    booktitle = {Proceedings of Graphics Interface 2019},
    year = {2019},
    publisher = {Canadian Information Processing Society},
}

@inproceedings{almeraj_2013_pgt,
    author = {AlMeraj, Zainab and Kaplan, Craig S. and Asente, Paul},
    title = {Patch-Based Geometric Texture Synthesis},
    year = {2013},
    publisher = {ACM},
    address = {New York, NY, USA},
    booktitle = {Proceedings of the Symposium on Computational Aesthetics},
    pages = {15-19},
}

@inproceedings{jacobs_2017_sep,
    author = {Jacobs, Jennifer and Gogia, Sumit and Mech, Radom\'{i}r and Brandt, Joel R.},
    title = {Supporting Expressive Procedural Art Creation through Direct Manipulation},
    year = {2017},
    publisher = {ACM},
    booktitle = {Proceedings of the 2017 CHI Conference on Human Factors in Computing Systems},
    pages = {6330-6341},
}

@inproceedings{li_2020_sva,
    author = {Li, Jingyi and Brandt, Joel and Mech, Radom\'{i}r and Agrawala, Maneesh and Jacobs, Jennifer},
    title = {Supporting Visual Artists in Programming through Direct Inspection and Control of Program Execution},
    year = {2020},
    publisher = {ACM},
    booktitle = {Proceedings of the 2020 CHI Conference on Human Factors in Computing Systems},
    pages = {1-12},
}

@inproceedings{aliaga_2016_ipm,
    author = {Aliaga, Daniel G. and Demir, \.{I}lke and Benes, Bedrich and Wand, Michael},
    title = {Inverse Procedural Modeling of 3D Models for Virtual Worlds},
    booktitle = {ACM SIGGRAPH 2016 Courses},
    series = {SIGGRAPH '16},
    year = {2016},
    pages = {16:1--16:316},
    articleno = {16},
    publisher = {ACM},
}

@article{galin_2019_aro,
    author = {Galin, Eric and Gu\'erin, Eric and Peytavie, Adrien and Cordonnier, Guillaume and Cani, Marie-Paule and Benes, Bedrich and Gain, James},
    title = {A Review of Digital Terrain Modeling},
    journal = {Computer Graphics Forum},
    year = {2019},
    volume = {38},
    number = {2},
    pages = {553-577},
}






% -------------------------------------------------------------------------------------------
% -------------------------------------------------------------------------------------------
% 201031
% -------------------------------------------------------------------------------------------
% -------------------------------------------------------------------------------------------



@article{hu_2019_anf,
    author = {Hu, Yiwei and Dorsey, Julie and Rushmeier, Holly},
    title = {A Novel Framework for Inverse Procedural Texture Modeling},
    year = {2019},
    publisher = {ACM},
    volume = {38},
    number = {6},
    journal = {{ACM} Transactions on Graphics},
    articleno = {186},
}


@inproceedings{almeraj_2011_tgt,
    author = {AlMeraj, Zainab and Kaplan, Craig S. and Asente, Paul and Lank, Edward},
    title = {Towards Ground Truth in Geometric Textures},
    year = {2011},
    publisher = {Association for Computing Machinery},
    booktitle = {Proceedings of the ACM SIGGRAPH/Eurographics Symposium on Non-Photorealistic Animation and Rendering},
    pages = {17-26},
}
